@article{shimer,
    author = "Maryam Farboodi and Gregor Jarosch and Robert Shimer",
    title  = "INTERNAL AND EXTERNAL EFFECTS OF SOCIAL DISTANCING IN A PANDEMIC",
    year   = "2020",
    url    = "https://www.nber.org/papers/w27059"
}

@article{goolsbee,
    author = "Austan Goolsbee and Chad Syverson",
    title  = "Fear, Lockdown, and Diversion: Com- paring Drivers of Pandemic Economic Decline 2020",
    year   = "2020",
    url    = "https://www.nber.org/papers/w27432"
}
